<?xml version="1.0" encoding="UTF-8"?><collection xmlns="http://www.loc.gov/MARC21/slim"><record><leader>00370nam--2200145-i-4500</leader><controlfield tag="001">000026795</controlfield><controlfield tag="002">20161230</controlfield><controlfield tag="005">20161230201036</controlfield><controlfield tag="008">060222s1000------------r-----000-0-eng-d</controlfield><datafield ind1=" " ind2=" " tag="080"><subfield code="a">51</subfield></datafield><datafield ind1=" " ind2=" " tag="100"><subfield code="a">Kline, Morris</subfield></datafield><datafield ind1=" " ind2=" " tag="245"><subfield code="a">Mathematics for liberal arts</subfield></datafield><datafield ind1=" " ind2=" " tag="260"><subfield code="a">Reading, Mass., Addison-wesley Publ., Co., 1967, 61p</subfield></datafield><datafield ind1=" " ind2=" " tag="490"><subfield code="a">Instructor`S Manual</subfield></datafield><datafield ind1=" " ind2=" " tag="852"><subfield code="a">36023</subfield></datafield></record></collection>